@article{database-types,
    author = {Phiri, Hazael and Kunda, Douglas},
    year = {2017},
    month = {12},
    pages = {1-4},
    title = {Comparative Study of NoSQL and Relational Database},
    volume = {1},
    journal = {Zambia ICT Journal},
    doi = {10.33260/zictjournal.v1i1.8}
}

@misc{GQL-formalized-on-paper,
    author = {O. H. Morra},
    title = {A Semantics of GQL},
    subtitle = {A New Query Language for Property Graphs Formalized},
    year = {2020},
    url = "https://raw.githubusercontent.com/OlofMorra/GQL-parser/main/src/main/resources/report/A%20Semantics%20of%20GQL%3B%20a%20New%20Query%20Language%20forProperty%20Graphs%20Formalized.pdf"
}

@misc{enwiki:1146498781,
    author = "{Wikipedia contributors}",
    title = "Graph database --- {Wikipedia}{,} The Free Encyclopedia",
    year = "2023",
    url = "https://en.wikipedia.org/w/index.php?title=Graph_database&oldid=1146498781",
    note = "[Online; accessed 28-March-2023]"
}

@misc {neo4j:use-cases,
    author = "{Neo4j}",
    title = "Use Cases",
    year = "2023",
    url = "https://neo4j.com/use-cases/",
    note = "[Online; accessed 28-March-2023]"
}

@misc{icij:offshoreleaks,
    author = "{The International Consortium of Investigative Journalists}",
    title = "Offshore Leaks Database",
    year = "2023",
    url = "https://offshoreleaks.icij.org/pages/database",
    note = "[Online; accessed 28-March-2023]"
}

@article{cpp-std-verified,
    author = {Dévai, Gergely and Pataki, Norbert},
    year = {2007},
    month = {01},
    pages = {},
    title = {Towards verified usage of the C++ Standard Template Library},
    journal = {Proceedings of the 10th Symposium on Programming Languages and Software Tools, SPLST 2007}
}

@article{rdbms-in-coq,
    author = {Malecha, Gregory and Morrisett, Greg and Shinnar, Avraham and Wisnesky, Ryan},
    title = {Toward a Verified Relational Database Management System},
    year = {2010},
    issue_date = {January 2010},
    publisher = {Association for Computing Machinery},
    address = {New York, NY, USA},
    volume = {45},
    number = {1},
    issn = {0362-1340},
    url = {https://doi.org/10.1145/1707801.1706329},
    doi = {10.1145/1707801.1706329},
    journal = {SIGPLAN Not.},
    month = {jan},
    pages = {237–248},
}

@inproceedings{sql-in-coq,
    author = {Benzaken, V\'{e}ronique and Contejean, \'{E}velyne},
    title = {A Coq Mechanised Formal Semantics for Realistic SQL Queries: Formally Reconciling SQL and Bag Relational Algebra},
    year = {2019},
    isbn = {9781450362221},
    publisher = {Association for Computing Machinery},
    address = {New York, NY, USA},
    url = {https://doi.org/10.1145/3293880.3294107},
    doi = {10.1145/3293880.3294107},
    booktitle = {Proceedings of the 8th ACM SIGPLAN International Conference on Certified Programs and Proofs},
    pages = {249–261},
}